<record><leader>00000cas a22000007a 4500</leader><controlfield tag="001">34072659</controlfield><controlfield tag="008">960124d19121917okuwr n       0    0eng d</controlfield><datafield ind1=" " ind2=" " tag="010"><subfield code="a">sn 95076437 </subfield></datafield><datafield ind1=" " ind2=" " tag="040"><subfield code="a">OBN</subfield><subfield code="b">eng</subfield><subfield code="c">OBN</subfield><subfield code="d">OCLCQ</subfield><subfield code="d">OCLCF</subfield><subfield code="d">OCLCO</subfield></datafield><datafield ind1="1" ind2=" " tag="029"><subfield code="a">AU@</subfield><subfield code="b">000025860892</subfield></datafield><datafield ind1=" " ind2=" " tag="042"><subfield code="a">msc</subfield></datafield><datafield ind1=" " ind2=" " tag="043"><subfield code="a">n-us-ok</subfield></datafield><datafield ind1="0" ind2=" " tag="130"><subfield code="a">Bristow enterprise (Bristow, Okla.)</subfield></datafield><datafield ind1="1" ind2="0" tag="245"><subfield code="a">Bristow enterprise.</subfield></datafield><datafield ind1=" " ind2=" " tag="260"><subfield code="a">Bristow, Okla. :</subfield><subfield code="b">Wm. D. Coop</subfield></datafield><datafield ind1=" " ind2=" " tag="300"><subfield code="a">v.</subfield></datafield><datafield ind1=" " ind2=" " tag="310"><subfield code="a">Weekly</subfield></datafield><datafield ind1="0" ind2=" " tag="362"><subfield code="a">Vol. 8, no. 35 (Mar. 1, 1912)-v. 13, no. 40 (May 24, 1917).</subfield></datafield><datafield ind1=" " ind2="0" tag="651"><subfield code="a">Bristow (Okla.)</subfield><subfield code="v">Newspapers.</subfield></datafield><datafield ind1=" " ind2="0" tag="651"><subfield code="a">Creek County (Okla.)</subfield><subfield code="v">Newspapers.</subfield></datafield><datafield ind1=" " ind2="7" tag="655"><subfield code="a">Newspapers.</subfield><subfield code="2">fast</subfield><subfield code="0">(OCoLC)fst01423814</subfield></datafield><datafield ind1=" " ind2="7" tag="651"><subfield code="a">Oklahoma</subfield><subfield code="z">Bristow.</subfield><subfield code="2">fast</subfield><subfield code="0">(OCoLC)fst01220337</subfield></datafield><datafield ind1=" " ind2="7" tag="651"><subfield code="a">Oklahoma</subfield><subfield code="z">Creek County.</subfield><subfield code="2">fast</subfield><subfield code="0">(OCoLC)fst01221598</subfield></datafield><datafield ind1=" " ind2=" " tag="752"><subfield code="a">United States</subfield><subfield code="b">Oklahoma</subfield><subfield code="c">Creek</subfield><subfield code="d">Bristow.</subfield></datafield><datafield ind1="0" ind2="0" tag="780"><subfield code="t">Territorial enterprise (Bristow, Okla.)</subfield><subfield code="w">(DLC)sn 95076436</subfield><subfield code="w">(OCoLC)34072456</subfield></datafield><datafield ind1="0" ind2="7" tag="785"><subfield code="t">Bristow record (Bristow, Okla. : 1904)</subfield><subfield code="w">(DLC)sn 95076438</subfield><subfield code="w">(OCoLC)34072819</subfield></datafield><datafield ind1="0" ind2="7" tag="785"><subfield code="t">Bristow record and the Bristow enterprise</subfield><subfield code="w">(DLC)sn 95076445</subfield><subfield code="w">(OCoLC)34073930</subfield></datafield></record>